@misc{Wikipedia,
  title = {List_of_Roman_emperors},
  howpublished = {\url{tps://en.wikipedia.org/wiki/List_of_Roman_emperors}},
  note = {Accessed: 2021-07-22}
}
