@misc{UNRV,
  title = {List of Roman emperors},
  howpublished = {\url{https://www.britannica.com/topic/list-of-Roman-emperors-2043294}},
  note = {Accessed: 2021-07-22}
}
