@misc{UNRV,
  title = {Roman Emperor list},
  howpublished = {\url{https://www.unrv.com/government/emperor.php}},
  note = {Accessed: 2021-07-22}
}
